@article{macukow2016, 
  title={Neural Networks – State of Art, Brief History, Basic Models and Architecture},
  author={Macukow, Bohdan},
  year={2016},
  publisher={Springer Link},
  url={https://link-springer-com.ez54.periodicos.capes.gov.br/chapter/10.1007/978-3-319-45378-1_1},
  urldate = {16 de novembro de 2023}
}

@article{openia, 
  title={GPT-4 is OpenAI’s most advanced system, producing safer and more useful responses},
  author={Openai},
  year={2023},
  publisher={Openia},
  url={https://openai.com/gpt-4.},
  urldate = {16 de novembro de 2023}
}

@article{herrmann2022, 
  title={Neural Networks – State of Art, Brief History, Basic Models and Architecture},
  author={Herrmann, Heinz and Masawi, Backsndale},
  year={2022},
  publisher={Wiley},
  url={https://onlinelibrary-wiley.ez54.periodicos.capes.gov.br/doi/10.1002/jsc.2525},
  urldate = {16 de novembro de 2023}
}
